@article{cite1,
author = {Senthil K. Nachimuthu and Peter J. Haug},
year = {2012},
title = {Early Detection of Sepsis in the Emergency Department using Dynamic Bayesian Networks},
}

@article{cite2,
author = {Mervyn Singer and  Clifford S. Deutschman and Christopher Warren Seymour},
year = {2016},
title = {The Third International Consensus Definitions for Sepsis and Septic Shock (Sepsis-3)},
} 

@article{cite3,
	author = {Poushali Bhattacharjee and Dana P. Edelson and Matthew M. Churpek},
	year = {2017},
	title = {Identifying Patients With Sepsis on the Hospital Wards},
} 