@article{cite1,
author = {Poushali Bhattacharjee and Dana P. Edelson and Matthew M. Churpek},
year = {2017},
title = {Identifying Patients With Sepsis on the Hospital Wards}
}

@article{cite2,
author = {Mervyn Singer and  Clifford S. Deutschman and Christopher Warren Seymour},
year = {2016},
title = {The Third International Consensus Definitions for Sepsis and Septic Shock (Sepsis-3)},
} 

@article{cite3,
	author = {Senthil K. Nachimuthu and Peter J. Haug},
	year = {2012},
	title = {Early Detection of Sepsis in the Emergency Department using Dynamic Bayesian Networks}
} 

@article{cite4,
	author = {Marta Carrara, Giuseppe Baselli, and Manuela Ferrario},
	year = {2015},
	title = {Mortality Prediction Model of Septic Shock Patients Based on Routinely Recorded Data}
} 

@article{cite5,
	author = {Joyce C. Ho, Cheng H. Lee, Joydeeph Ghosh},
	year = {2012},
	title = {Imputation-Enhanced Prediction of Septic Shock in ICU Patients}
} 

@article{cite6,
	author = {Qingqing Mao, Melissa Jay, Jana L Hoffman},
	year = {2018},
	title = {Multicentre validation of a sepsis prediction algorithm using only vital sign data in the emergency department, general ward and ICU}
} 

@article{cite7,
	author = {Henry E. Wang, Nathan I. Shapiro, Russell Griffin},
	year = {2012},
	title = {Chronic Medical Conditions and Risk of Sepsis}
} 

@article{cite8,
	author = {Retrieved from http://internationalsepsisforum.com/sepsis-booklet/},
	year = {2012},
	title = {Sepsis Booklet}
} 


@article{cite9,
	author = {Retrieved from https://mimic.mit.edu/archive/mimic-ii-guide.pdf},
	title = {User Guide and Documentation for the MIMIC II Database}
} 

@article{cite10,
	author = {Retrieved from https://www.dascena.com/insight},
	title = {Dascena, Inc. (n.d.). InSight}
}

@article{cite11,
	author = {Retrieved from https://mimic.physionet.org/mimicdata/whatsnew/},
	title = {MIMIC-II vs MIMIC-III. (n.d.)}
} 
 

